%
@article{aif360-oct-2018,
    author={Bellamy, R. K. E. and Dey, K. and Hind, M. and Hoffman, S. C. and Houde, S. and Kannan, K. and Lohia, P. and Martino, J. and Mehta, S. and Mojsilović, A. and Nagar, S. and Ramamurthy, K. Natesan and Richards, J. and Saha, D. and Sattigeri, P. and Singh, M. and Varshney, K. R. and Zhang, Y.},
    journal={IBM Journal of Research and Development},
    title={AI Fairness 360: An extensible toolkit for detecting and mitigating algorithmic bias},
    year={2019},
    volume={63},
    number={4/5},
    pages={4:1-4:15},
    doi={10.1147/JRD.2019.2942287}
}

@article{wachter2017counterfactual,
  title={Counterfactual explanations without opening the black box: Automated decisions and the GDPR},
  author={Wachter, Sandra and Mittelstadt, Brent and Russell, Chris},
  journal={Harv. JL \& Tech.},
  volume={31},
  pages={841},
  year={2017},
  publisher={HeinOnline}
}

@inproceedings{certifai,
author = {Sharma, Shubham and Henderson, Jette and Ghosh, Joydeep},
title = {{CERTIFAI: A Common Framework to Provide Explanations and Analyse the Fairness and Robustness of Black-Box Models}},
year = {2020},
isbn = {9781450371100},
publisher = {{Association for Computing Machinery}},
address = {New York, NY},
booktitle = {{Proceedings of the AAAI/ACM Conference on AI, Ethics, and Society (AIES)}},
pages = {166–-172},
numpages = 7,
doi = {10.1145/3375627.3375812},

}

@article{lundberg2017shap,
author = {Lundberg, Scott M. and Lee, Su-In},
title = {{A Unified Approach to Interpreting Model Predictions}},
year = 2017,
isbn = {9781510860964},
doi = {10.5555/3295222.3295230},
publisher = {Curran Associates Inc.},
address = {Red Hook, NY},
journal = {{International Conference on Neural Information Processing Systems (NIPS)}},
volume = 31,
pages = {4768–-4777},
numpages = 10,
location = {Long Beach, California},
}

@article{ribeiro2016lime,
author = {Ribeiro, Marco Tulio and Singh, Sameer and Guestrin, Carlos},
title = {{``Why Should I Trust You?'': Explaining the Predictions of Any Classifier}},
year = 2016,
volume = 22,
isbn = {9781450342322},
publisher = {{Association for Computing Machinery}},
address = {New York, NY},
doi = {10.1145/2939672.2939778},
journal = {{International Conference on Knowledge Discovery and Data Mining (KDD)}},
pages = {1135-–1144},
numpages = 10,
}

@article{ribeiro2018anchors,
author = {Ribeiro, Marco Tulio and Singh, Sameer and Guestrin, Carlos},
title = {{Anchors: High-Precision Model-Agnostic Explanations}},
journal = {{AAAI Conference on Artificial Intelligence}},
page = {1527--1535},
numpages = 9,
publisher = {{AAAI Press}},
address = {Palo Alto, CA},
volume = 32,
number = 1,
year = {2018},
doi = "10.1609/aaai.v32i1.11491",
isbn = "978-1-57735-800-8"
}

@inproceedings{woodworth2017learning,
  title = 	 {{Learning Non-Discriminatory Predictors}},
  author = 	 {Woodworth, Blake and Gunasekar, Suriya and Ohannessian, Mesrob I. and Srebro, Nathan},
  booktitle = 	 {Proceedings of the 2017 Conference on Learning Theory},
  pages = 	 {1920--1953},
  year = 	 {2017},
  editor = 	 {Kale, Satyen and Shamir, Ohad},
  series = {PLMR},
  number = 	 {65},
  month = 	 {July},
}


@article{hardt2016equalisedodds,
 author = {Hardt, Moritz and Price, Eric and Price, Eric and Srebro, Nati},
 journal = {{Advances in Neural Information Processing Systems (NIPS)}},
 editor = {D. Lee and M. Sugiyama and U. Luxburg and I. Guyon and R. Garnett},
 publisher = {{Curran Associates, Inc.}},
 title = {{Equality of Opportunity in Supervised Learning}},
 location = {Barcelona, Spain},
 volume = 29,
 number = 1,
 page = {3323–3331},
 doi = {10.5555/3157382.3157469},
 numpages = 9,
 year = {2016}
}

@inproceedings{kamiran2009demographicparity,
  title={{Classifying without Discriminating}},
  author={Kamiran, Faisal and Calders, Toon},
  booktitle={{International Conference on Computer, Control and Communication (I4C)}},
  numpages = 6,
  month = {February},
  year={2009},
  publisher={IEEE},
  doi = {10.1109/IC4.2009.4909197},
}

@incollection{angwin2016machine,
  author    = "Angwin, Julia and Larson, Jeff and Mattu, Surya and Kirchner, Lauren",
  editor    = "Martin, Kirsten",
  booktitle = "Ethics of Data and Analytics",
  title     = "Machine Bias",
  chapter   = "6.1",
  publisher = "CRC Press",
  year      = "2022",
  address   = "Boca Raton, FL",
  edition   = "1st",
  month     = "May",
  pages     = "254--264",
  doi       = "10.1201/9781003278290",
}

@misc{euregulation2022,
  author       = {{European Commission}},
  title        = {{Proposal for a Regulation of the European Parliament and Of The Council Laying Down Harmonised Rules on Artificial Intelligence (Artificial Intelligence Act) and Amending Certain Union Legislative Acts}},
  howpublished = "https://eur-lex.europa.eu/legal-content/EN/TXT/?uri=CELEX:52021PC0206",
  location = "Brussels",
  year         = "2021",
  month        = "April",
  day          = 21,
}

@article{chouldechova2018frontiers,
author = {Chouldechova, Alexandra and Roth, Aaron},
title = {{A Snapshot of the Frontiers of Fairness in Machine Learning}},
year = {2020},
publisher = {{Association for Computing Machinery}},
address = {New York, NY},
volume = 63,
number = 5,
issn = {0001-0782},
doi = {10.1145/3376898},
journal = {{Communications of the ACM}},
month = "April",
pages = {82–-89},
numpages = 8
}

@article{feldman2015certifying,
author = {Feldman, Michael and Friedler, Sorelle A. and Moeller, John and Scheidegger, Carlos and Venkatasubramanian, Suresh},
title = {{Certifying and Removing Disparate Impact}},
year = {2015},
publisher = {{Association for Computing Machinery}},
address = {New York, NY},
doi = {10.1145/2783258.2783311},
journal = {{International Conference on Knowledge Discovery and Data Mining (KDD)}},
volume = 21,
number = 1,
pages = {259–-268},
numpages = 10,
location = {Sydney, Australia},
month = {August},
}

@inproceedings{mothilal2020DICE,
author = {Mothilal, Ramaravind K. and Sharma, Amit and Tan, Chenhao},
title = {{Explaining Machine Learning Classifiers through Diverse Counterfactual Explanations}},
year = {2020},
isbn = {9781450369367},
publisher = {Association for Computing Machinery},
address = {New York, NY},
doi = {10.1145/3351095.3372850},
booktitle = {{Proceedings of the 2020 Conference on Fairness, Accountability, and Transparency}},
pages = {607–-617},
series = {FAccT},
number = 2,
numpages = 11,
location = {Barcelona, Spain},
}

% causal critiques
% ====================================================================================

@inproceedings{karimi2021interventions,
author = {Karimi, Amir-Hossein and Sch\"{o}lkopf, Bernhard and Valera, Isabel},
title = {{Algorithmic Recourse: From Counterfactual Explanations to Interventions}},
year = {2021},
isbn = {9781450383097},
publisher = {{Association for Computing Machinery}},
address = {New York, NY},
doi = {10.1145/3442188.3445899},
booktitle = {Proceedings of the 2021 ACM Conference on Fairness, Accountability, and Transparency},
series = {FAccT},
number = 3,
pages = {353–-362},
numpages = 10,
}

@inproceedings{barocas2020hidden-assumptions,
author = {Barocas, Solon and Selbst, Andrew D. and Raghavan, Manish},
title = {{The Hidden Assumptions behind Counterfactual Explanations and Principal Reasons}},
year = {2020},
isbn = {9781450369367},
publisher = {Association for Computing Machinery},
address = {New York, NY},
doi = {10.1145/3351095.3372830},
booktitle = {{Proceedings of the 2020 Conference on Fairness, Accountability, and Transparency}},
series = {FAccT},
number = 2,
pages = {80–-89},
numpages = 10,
location = {Barcelona, Spain},
}

@inproceedings{kusner2017counterfactual-fairness,
 author = {Kusner, Matt J and Loftus, Joshua and Russell, Chris and Silva, Ricardo},
 booktitle = {Advances in Neural Information Processing Systems},
 editor = {I. Guyon and U. Von Luxburg and S. Bengio and H. Wallach and R. Fergus and S. Vishwanathan and R. Garnett},
 pages = {},
 publisher = {Curran Associates, Inc.},
 title = {Counterfactual Fairness},
 url = {https://proceedings.neurips.cc/paper/2017/file/a486cd07e4ac3d270571622f4f316ec5-Paper.pdf},
 volume = {30},
 year = {2017}
}


@book{pearl2009causality,
  title={Causality},
  author={Pearl, Judea},
  year={2009},
  publisher={Cambridge university press},
  address = {Cambridge, GB}
}


@article{crook2007recent,
  title={Recent developments in consumer credit risk assessment},
  author={Crook, Jonathan N and Edelman, David B and Thomas, Lyn C},
  journal={European Journal of Operational Research},
  volume={183},
  number={3},
  pages={1447--1465},
  year={2007},
  publisher={Elsevier}
}


@article{robbins1951stochastic,
  title={A stochastic approximation method},
  author={Robbins, Herbert and Monro, Sutton},
  journal={The annals of mathematical statistics},
  pages={400--407},
  year={1951},
  publisher={JSTOR}
}


@article{cox1958regression,
  title={The regression analysis of binary sequences},
  author={Cox, David R},
  journal={Journal of the Royal Statistical Society: Series B (Methodological)},
  volume={20},
  number={2},
  pages={215--232},
  year={1958},
  publisher={Wiley Online Library}
}


@article{chouldechova2017fair,
  title={Fair prediction with disparate impact: A study of bias in recidivism prediction instruments},
  author={Chouldechova, Alexandra},
  journal={Big data},
  volume={5},
  number={2},
  pages={153--163},
  year={2017},
  publisher={Mary Ann Liebert, Inc. 140 Huguenot Street, 3rd Floor New Rochelle, NY 10801 USA}
}


@article{hardt2016equality,
  title={Equality of opportunity in supervised learning},
  author={Hardt, Moritz and Price, Eric and Srebro, Nati},
  journal={Advances in neural information processing systems},
  volume={29},
  year={2016}
}


@article{corbett2018measure,
  title={The measure and mismeasure of fairness: A critical review of fair machine learning},
  author={Corbett-Davies, Sam and Goel, Sharad},
  journal={arXiv preprint arXiv:1808.00023},
  year={2018}
}
% ====================================================================================


@article{dataset,
author       = "Yeh, I-Cheng and Lien, Che-hui",
title        = {{The Comparisons of Data Mining Techniques for the Predictive Accuracy of Probability of Default of Credit Card Clients}},
journal = {{Expert Systems with Applications}},
year    = 2009,
volume  = 36,
number  = 2,
pages   = "2473–-2480",
month   = "March",
publisher = "Pergamon Press, Inc",
address = "Elmsford, NY",
doi = {10.1016/j.eswa.2007.12.020},
}

@misc{eusex,
    author = {{Council Regulation (EC)}},
    title = {on the protection of natural persons with regard to the processing of personal data and on the free movement of such data, and repealing Directive 95/46/EC (General Data Protection Regulation)},
    year = 2016,
    note = {02016R0679}
}